@article{eclipseIoT, title={EclipseIoT: A secure and adaptive hub for the Internet of Things}, volume={78}, DOI={10.1016/j.cose.2018.07.016}, journal={Computers \& Security}, author={Anthi, Eirini and Ahmad, Shazaib and Rana, Omer and Theodorakopoulos, George and Burnap, Pete}, year={2018}, pages={477–490}} 

@article{iotmanager, title={IoT Manager: An open-source IoT framework for smart cities}, volume={98}, DOI={10.1016/j.sysarc.2019.04.003}, journal={Journal of Systems Architecture}, author={Calderoni, Luca and Magnani, Antonio and Maio, Dario}, year={2019}, pages={413–423}}

@article{iot_based_weather_stn, title={IoT based weather station}, DOI={10.1109/iccicct.2016.7988038}, journal={2016 International Conference on Control, Instrumentation, Communication and Computational Technologies (ICCICCT)}, author={Kodali, Ravi Kishore and Mandal, Snehashish}, year={2016}}

@article{data_collection, title={Data Collection and Analysis Using the Mobile Application for Environmental Monitoring}, volume={56}, DOI={10.1016/j.procs.2015.07.247}, journal={Procedia Computer Science}, author={Akhmetov, Bakhytzhan and Aitimov, Murat}, year={2015}, pages={532–537}}

@misc{iot_ashton, title={That 'Internet of Things' Thing}, url={https://www.rfidjournal.com/articles/view?4986}, journal={That 'Internet of Things' Thing - 2009-06-22 - Page 1 - RFID Journal}, author={Journal, RFID}}

@misc{zheng_lily_shawn_2019, title={UART vs I2C vs SPI – Communication Protocols and Uses}, url={https://www.seeedstudio.com/blog/2019/09/25/uart-vs-i2c-vs-spi-communication-protocols-and-uses/}, journal={Seeed Studio Blog}, author={Zheng, Carmen and Lily and Shawn}, year={2019}, month={9}}

@article{iot_khabbas, title={Characterizing Internet of Things Systems through Taxonomies: A Systematic Mapping Study}, volume={7}, DOI={10.1016/j.iot.2019.100084}, journal={Internet of Things}, author={Alkhabbas, Fahed and Spalazzese, Romina and Davidsson, Paul}, year={2019}, pages={100084}}

@article{crowdsource_noise, title={A Statistical Analysis of Noisy Crowdsourced Weather Data}, journal={Annals of Applied Statistics}, author={Chakraborty, Arnab and Lahiri, Soumendra Nath and Wilson, Alyson}}

https://www.overleaf.com/9739733173vstbhvybqfrf
@article{ray_2016, title={A survey of IoT cloud platforms}, volume={1}, DOI={10.1016/j.fcij.2017.02.001}, number={1-2}, journal={Future Computing and Informatics Journal}, author={Ray, Partha Pratim}, year={2016}, pages={35–46}}

@article{universalsensor, title={Universal Sensor Interface Circuits Performance Evaluation for Multi Sensor Systems}, volume={6}, number={2}, journal={International Journal of Scientific \& Engineering Research}, author={Baharudin, Siti Nur Syuhadah and Jambek, Asral Bahari and Ismail, Rizalafande Che}, year={2015}, month={2}, pages={791–794}}

@book{iniewski_2013, place={Hoboken, NJ}, title={Embedded systems: hardware, design, and implementation}, publisher={Wiley}, author={Iniewski, Krzysztof}, year={2013}}

@misc{arduino_cc, title={Arduino Nano}, url={https://store.arduino.cc/usa/arduino-nano}, journal={Arduino Nano | Arduino Official Store}} 

@misc{esp32lam, title={How to Setup Lamloei 32 Lite with Arduino}, url={http://www.ayarafun.com/2018/12/how-to-setup-lamloei-32-lite-with-arduino/}, journal={Ayarafun Factory}, year={2019}, month={1}} 

@misc{esp32_datasheet, title={ESP32 Datasheet}, url={https://www.espressif.com/sites/default/files/documentation/esp32_datasheet_en.pdf}, journal={Espressif Systems - Wi-Fi and Bluetooth chipsets and solutions}} 

@misc{dht22_datasheet, title={SparkFun Electronics - DHT22 Datasheet}, url={https://www.sparkfun.com/datasheets/Sensors/Temperature/DHT22.pdf}, journal={SparkFun Electronics}}

@misc{gyml_datasheet, title={SparkFun Electronics - ML8511 Datasheet},  url={https://cdn.sparkfun.com/datasheets/Sensors/LightImaging/ML8511_3-8-13.pdf}, journal={SparkFun Electronics}}

@misc{m5_stack, title={Modular Rapid ESP32 IoT Development Board - ESP32 dev kits}, url={https://m5stack.com/}, journal={m5stack}} 

@misc{arduino_farnell, title={Arduino Nano Datasheet}, url={http://www.farnell.com/datasheets/1682238.pdf}, journal={Arduino}}

@misc{hieromon_2020, title={Hieromon/AutoConnect}, url={https://github.com/Hieromon/AutoConnect}, journal={GitHub}, author={Hieromon}} 

@misc{wifi_conn_mode, url={https://tttapa.github.io/ESP8266/Chap07 - Wi-Fi Connections.html}, journal={A Beginner's Guide to the ESP8266}, author={P, Pieter}} 

@misc{consight, title={ConSight}, url={https://iot-plat-data-retrival.azurewebsites.net/}, journal={ConSight™ - Crowdedsource Iot Data Platform}, author={Jetlohasiri, Warakorn and Paptiti, Laizen and Visetputtasart, Poonyawee and Tangcharoenkijkul, Krit}} 

@misc{rouse_2020, title={What is an Embedded System?}, url={https://internetofthingsagenda.techtarget.com/definition/embedded-system}, journal={IoT Agenda}, publisher={TechTarget}, author={Rouse, Margaret}, year={2020}, month={5}}

@article{consight_thesis, title={Crowdsource IoT Data Platform for Geospatial Data with Visualisation}, author={Jetlohasiri, Warakorn and Paptiti, Laizen and Visetputtasart, Poonyawee and Tangcharoenkijkul, Krit}, year={2020}} 

@misc{aisnbiot, title={AIS DEVIO Nb-IoT Development Kit}, url={https://aiap.ais.co.th/iotdevcenter/IoTDevice/DevioNBDevkit}, journal={AIS IoT Alliance Program}}

@misc{pms3003, title={PMS3003 Series Data Manual English}, url={http://download.kamami.pl/p563980-PMS3003 series data manual_English_V2.5.pdf}, journal={Sklep Kamami}}

@book{arya_bhadoria_chaudhari_2018, place={Singapore}, title={Emerging Wireless Communication and Network Technologies: Principle, Paradigm and Performance}, publisher={Springer Singapore}, author={Arya, Karm Veer. and Bhadoria, Robin Singh. and Chaudhari, Narendra S.}, year={2018}}

@book{mathur_panda_2016, place={Delhi}, title={Microprocessors and microcontrollers}, publisher={PHI Learning}, author={Mathur, Sunil and Panda, Jeebananda}, year={2016}}

@book{crisp_2007, place={Amsterdam}, title={Introduction to microprocessors and microcontrollers}, publisher={Elsevier/Newnes}, author={Crisp, John}, year={2007}}

@book{godse_godse_2007, place={Pune}, edition={1}, title={Microcontroller \& Applications}, publisher={Technical Publications Pune}, author={Godse, Atul P and Godse, Deepali A}, year={2007}}

@book{jain_2010, place={New Delhi}, edition={4}, title={Modern Digital Electronics}, publisher={Tata McGraw Hill Education Private Limited}, author={Jain, R P}, year={2010}}

@book{baher_2001, place={Chichester}, title={Analog \& digital signal processing}, publisher={J. Wiley}, author={Baher, H.}, year={2001}}

@book{godse_mulani_2009, place={Pune}, title={Embedded Systems}, publisher={Technical Publications Pune}, author={Godse, A P and Mulani, A O}, year={2009}}

@book{rafiquzzaman_2018, place={Chichester}, title={Microcontroller theory and applications with the PIC18F}, publisher={Wiley Blackwell}, author={Rafiquzzaman, Mohamed}, year={2018}}

@misc{nbiot_gsma, title={Narrowband – Internet of Things (NB-IoT)}, url={https://www.gsma.com/iot/narrow-band-internet-of-things-nb-iot/}, journal={Internet of Things}}

@book{langbridge_2015, title={Arduino Sketches: Tools and Techniques for Programming Wizardry}, publisher={John Wiley \& Sons}, author={Langbridge, James A.}, year={2015}}

@book{oshana_kraeling_2019, place={Amsterdam}, title={Software engineering for embedded systems: methods, practical techniques, and applications}, publisher={Newnes}, author={Oshana, Robert and Kraeling, Mark}, year={2019}}

@book{heath_2005, place={Oxford}, title={Embedded systems design}, publisher={Newnes}, author={Heath, Steve}, year={2005}}

@article{akhmetov_aitimov_2015, title={Data Collection and Analysis Using the Mobile Application for Environmental Monitoring}, volume={56}, DOI={10.1016/j.procs.2015.07.247}, journal={Procedia Computer Science}, author={Akhmetov, Bakhytzhan and Aitimov, Murat}, year={2015}, pages={532–537}}

@book{west_andrews_dean_2019, place={Singapore}, title={Network : guide to networks}, publisher={Cengage Learning Asia Pte Ltd}, author={West, Jill and Andrews, Jean and Dean, Tamara}, year={2019}}

@misc{i2c_info, title={I2C Info – I2C Bus, Interface and Protocol}, url={https://i2c.info/}, journal={I2C Info – I2C Bus, Interface and Protocol}}

@book{li_2017, title={Real-time concepts for embedded systems}, publisher={Taylor \& Francis Ltd}, author={Li, Qing}, year={2017}} 

@misc{sensors_definition, title={What is sensor? - Definition from WhatIs.com}, url={https://whatis.techtarget.com/definition/sensor}, author={Rouse, Margaret and Rouse, Margaret and Rouse, Margaret}}

@misc{rs485, title={RS-485}, url={https://en.wikipedia.org/wiki/RS-485}, journal={Wikipedia}, publisher={Wikimedia Foundation}, year={2019}, month={11}}

@misc{modbus-rtu, title={Modbus-RTU}, url={https://www.rtautomation.com/technologies/modbus-rtu/}, journal={Real Time Automation, Inc.}}

@misc{modbus_protocol, title={Modbus protocol}, url={http://www.modbus.org/docs/PI_MBUS_300.pdf}}

@misc{IoT, title={What is Internet of Things}, url={https://internetofthingsagenda.techtarget.com/definition/Internet-of-Things-IoT}, journal={TechTarget - IoT Agenda}}

@misc{pubnub_2017, title={IoT Device Control and Monitoring}, url={https://www.pubnub.com/solutions/iot/}, journal={PubNub}, year={2017}, month={8}}

@misc{node-red, title={Node-RED},
url={https://nodered.org/}}
