@misc{y2, title={{National Transportation Card Interconnection Service Manual}}, publisher={China Transport Telecommunication \& Information Center}, author={{Center of National Transportation Card Data Exchange}}, year={2019}}

@incollection{p4, place={Manila}, title={{Metro Manila Subway Project Phase 1: Bidding Documents for The Procurement of Package CP106: E\&M Systems and Track Works}}, booktitle={Automatic Fare Collection (AFC) System}, publisher={Department of Transportation. Republic of The Philippines}, author={{Department of Transportation. Republic of The Philippines}}, year={2019}, pages={4–39}}

@misc{p16, place={Madrid}, title={{AFC Automatic Fare Collection Systems}}, publisher={Indra}, author={Indra}}

@misc{h25, title={{An Introduction to Hyperledger}}, publisher={{The Linux Foundation}}, author={Hyperledger}, year={2018}}
 
@misc{y8, title={{Blockchain-based Service Network (BSN): Introductory White Paper}}, author={{BSN Development Association}}, year={2019}}
 
@misc{y27, title={{Blockchain-based Service Network User Manual}}, author={{BSN Foundation}}, year={2021}}

@incollection{p11, place={Nagpur}, title={{Chapter 12: Telecommunication \& Automatic Fare Collection}}, booktitle={{Detailed Project Report for Nagpur Metro Rail Project}}, author={{Maharashtra Metro Rail Corporation Limited}}, year={2013}, pages={1–10}}
 
@book{p12, place={Cambridge}, title={{Electronic Fare Collection Options for Commuter Railroads}}, publisher={Federal Transit Administration}, author={{U.S. Department of Transportation: Federal Transit Administration}}, year={2009}}

@misc{h26, title={{Hyperledger Architecture, Volume 1}}, author={{The Linux Foundation}}, year={2018}}

@misc{p63, title={{Metropolitan Transit System (MTS) Fare Collection Whitepaper}}, place={San Diego}, author={{Metropolitan Transit System}}, year={2016}}
 
@book{p13, place={New Dehi}, title={{Report of The Sub-Commitee on Automatic Fare Collection System}}, publisher={Ministry of Urban Development}, author={{Sub-Committee on Automatic Fare Collection system}}, year={2013}}

@book{y23, place={Washington D.C.}, title={{Smart Contracts: 12 Use Cases for Business \& Beyond: A Technology, Legal \& Regulatory Introduction}}, publisher={Chamber of Digital Commerce}, author={{Smart Contracts Alliance; Deloitte}}, year={2016}}
 
@book{y42, title={{The Blockchain (R)evolution –The Swiss Perspective: White Paper}}, publisher={Deloitte Touche Tohmatsu Limited}, author={Deloitte}, year={2017}}

@book{p14, place={Princeton Junction}, title={{Transit and Contactless Open Payments: An Emerging Approach for Fare Collection}}, author={{Smart Card Alliance}}, year={2011}}
 
@article{n28, title={{Overview: Permissioned Blockchains – Ethereum versus Hyperledger}}, volume={31}, number={3}, journal={Science International}, author={Alhamazan, Khalid and Alanazi, Ammar}, year={2019}, pages={513–515}}
 
@book{p17, place={Oakland}, title={{TRANSIT IDEA 79 Project Final Report: Implementation of Smart Card Automatic Fare Collection (AFC) Technology in Small Transit Agencies for Standards Development}}, publisher={Transportation Research Board, National Academy of Sciences}, author={Allen, Walter E. and Murray, Robert D. and {Acumen Building Enterprise, Inc.}}, year={2016}}
 
@book{y41, title={{Blockchain 2030: A Look at the Future of Blockchain in Australia}}, publisher={Australian Computer Society}, author={Bratanova, Alexandra and Devaraj, Dinesh and Horton, Joanna and Naughtin, Claire and Kloester, Ben and Trinh, Kelly and Weber, Ingo and Dawson, David}, year={2019}}
 
@article{y24, title={{Decentralized Applications: The Blockchain-Empowered Software System}}, volume={6}, DOI={10.1109/access.2018.2870644}, journal={IEEE Access}, author={Cai, Wei and Wang, Zehua and Ernst, Jason B. and Hong, Zhen and Feng, Chen and Leung, Victor C.}, year={2018}, pages={53019–53033}}
 
@article{a6, title={{Pricing Data Tampering in Automated Fare Collection with NFC-Equipped Smartphones}}, volume={18}, DOI={10.1109/tmc.2018.2853114}, number={5}, journal={IEEE Transactions on Mobile Computing}, author={Dang, Fan and Zhai, Ennan and Li, Zhenhua and Zhou, Pengfei and Mohaisen, Aziz and Bian, Kaigui and Wen, Qingfu and Li, Mo}, year={2019}, pages={1159–1173}}
 
@article{y44, title={{Blockchain and the Future of the Internet: A Comprehensive Review (Under review)}}, author={Hassan, Fakhar ul and Ali, Anwaar and Rahouti, Mohamed and Latif, Siddique and Kanhere, Salil and Singh, Jatinder and Al-Fuqaha, Ala and Janjua, Umar and Mian, Adnan Noor and Qadir, Junaid}, year={2020}}

@article{y43, title={{Blockchain: Current Challenges and Future Prospects/Applications}}, volume={11}, DOI={10.3390/fi11120258}, number={12}, journal={Future Internet}, author={Makridakis, Spyros and Christodoulou, Klitos}, year={2019}, pages={258–273}}

@article{s7, title={{Bitcoin: A Peer-to-Peer Electronic Cash System}}, DOI={10.2139/ssrn.3440802}, journal={SSRN Electronic Journal}, author={Nakamoto, Satoshi}, year={2008}}

@misc{y22, url={https://web.archive.org/web/20210424165335/https://www.fon.hum.uva.nl/rob/Courses/InformationInSpeech/CDROM/Literature/LOTwinterschool2006/szabo.best.vwh.net/smart_contracts_2.html}, title={Smart Contracts: Building Blocks for Digital Markets}, author={Szabo, Nick}, year={1996}}

@incollection{n18, place={Paris}, title={{EdgeToll: A Blockchain-based Toll Collection System for Public Sharing of Heterogeneous Edges}}, publisher={IEEE Conference on Computer Communications Workshops}, author={Xiao, Bowen and Fan, Xiaoyi and Gao, Sheng and Cai, Wei}, year={2019}}

@article{p67, title={{Design of Cloud Computing and Microservice-Based Urban Rail Transit Integrated Supervisory Control System Plus}}, volume={6}, DOI={10.1007/s40864-020-00138-z}, number={4}, journal={Urban Rail Transit}, author={Yu, Songwei and Chang, Haili and Wang, Hanjun}, year={2020}, pages={187–204}}

@misc{y71, place={Hong Kong}, title={Annual Report 2019: Keep Cities Moving}, publisher={{MTR Corporation}}, author={{MTR Corporation}}, year={2019}}